<record><leader>00000cas a2200000 a 4500</leader><controlfield tag="001">13210376</controlfield><controlfield tag="008">860228d18831885coudr ne      0    0eng d</controlfield><datafield ind1=" " ind2=" " tag="010"><subfield code="a">sn 85067355 </subfield></datafield><datafield ind1=" " ind2=" " tag="040"><subfield code="a">KSH</subfield><subfield code="b">eng</subfield><subfield code="c">KSH</subfield><subfield code="d">NPT</subfield><subfield code="d">CNQ</subfield><subfield code="d">OCL</subfield><subfield code="d">OCLCQ</subfield></datafield><datafield ind1=" " ind2=" " tag="042"><subfield code="a">msc</subfield></datafield><datafield ind1="0" ind2="0" tag="245"><subfield code="a">Salida daily mail.</subfield></datafield><datafield ind1=" " ind2=" " tag="260"><subfield code="a">Salida, Colo. :</subfield><subfield code="b">W.W. Wallace</subfield></datafield><datafield ind1=" " ind2=" " tag="300"><subfield code="a">v.</subfield></datafield><datafield ind1=" " ind2=" " tag="310"><subfield code="a">Daily</subfield></datafield><datafield ind1="1" ind2=" " tag="362"><subfield code="a">Began in 1883? Ceased in 1885?</subfield></datafield><datafield ind1=" " ind2=" " tag="580"><subfield code="a">Weekly ed.: Salida weekly mail.</subfield></datafield><datafield ind1=" " ind2=" " tag="588"><subfield code="a">Description based on: No. 557 (Nov. 16, 1883).</subfield></datafield><datafield ind1=" " ind2=" " tag="752"><subfield code="a">United States</subfield><subfield code="b">Colorado</subfield><subfield code="c">Chaffee</subfield><subfield code="d">Salida.</subfield></datafield><datafield ind1="1" ind2=" " tag="775"><subfield code="t">Salida weekly mail</subfield><subfield code="w">(DLC)sn 86063360</subfield></datafield><datafield ind1="0" ind2="0" tag="780"><subfield code="t">Salida daily mountain mail</subfield><subfield code="w">(DLC)sn 85067354</subfield></datafield><datafield ind1="1" ind2=" " tag="029"><subfield code="a">AU@</subfield><subfield code="b">000022171954</subfield></datafield></record>